<record><leader>00000cas a22000007a 4500</leader><controlfield tag="001">13028270</controlfield><controlfield tag="008">860116d18961927aluwr ne      0    0eng d</controlfield><datafield ind1=" " ind2=" " tag="010"><subfield code="a">sn 86050012 </subfield></datafield><datafield ind1=" " ind2=" " tag="040"><subfield code="a">AAR</subfield><subfield code="b">eng</subfield><subfield code="c">AAR</subfield><subfield code="d">CPN</subfield><subfield code="d">OCLCQ</subfield></datafield><datafield ind1=" " ind2=" " tag="042"><subfield code="a">msc</subfield></datafield><datafield ind1="0" ind2=" " tag="130"><subfield code="a">Luverne journal (Luverne, Ala.)</subfield></datafield><datafield ind1="1" ind2="4" tag="245"><subfield code="a">The Luverne journal.</subfield></datafield><datafield ind1=" " ind2=" " tag="260"><subfield code="a">Luverne, Ala. :</subfield><subfield code="b">H.Y. Brooke</subfield></datafield><datafield ind1=" " ind2=" " tag="300"><subfield code="a">v. :</subfield><subfield code="b">ill. ;</subfield><subfield code="c">55 cm.</subfield></datafield><datafield ind1=" " ind2=" " tag="310"><subfield code="a">Weekly</subfield></datafield><datafield ind1="0" ind2=" " tag="362"><subfield code="a">-v. 32, no. 37 (Sept. 7, 1927).</subfield></datafield><datafield ind1="1" ind2=" " tag="362"><subfield code="a">Began in 1896.</subfield></datafield><datafield ind1=" " ind2=" " tag="515"><subfield code="a">Numbering is irregular.</subfield></datafield><datafield ind1=" " ind2=" " tag="588"><subfield code="a">Description based on: Vol. 1, no. 52 (Dec. 24, 1896).</subfield></datafield><datafield ind1=" " ind2=" " tag="752"><subfield code="a">United States</subfield><subfield code="b">Alabama</subfield><subfield code="c">Crenshaw</subfield><subfield code="d">Luverne.</subfield></datafield><datafield ind1="0" ind2="7" tag="785"><subfield code="t">Crenshaw county news</subfield><subfield code="w">(DLC)sn 86050013</subfield></datafield><datafield ind1="0" ind2="7" tag="785"><subfield code="t">Luverne journal and the Crenshaw County news</subfield><subfield code="w">(DLC)sn 86050014</subfield></datafield><datafield ind1="1" ind2=" " tag="029"><subfield code="a">AU@</subfield><subfield code="b">000025837074</subfield></datafield></record>